<record><leader>00000cas a2200000 a 4500</leader><controlfield tag="001">219739593</controlfield><controlfield tag="007">hd ||||||||||</controlfield><controlfield tag="008">080404d19721983couzx nea     |    0eng c</controlfield><datafield ind1=" " ind2=" " tag="010"><subfield code="a">  2008233436</subfield></datafield><datafield ind1=" " ind2=" " tag="040"><subfield code="a">GUA</subfield><subfield code="b">eng</subfield><subfield code="c">GUA</subfield><subfield code="d">GUA</subfield><subfield code="d">OCLCQ</subfield><subfield code="d">OCLCF</subfield><subfield code="d">OCLCO</subfield><subfield code="d">OCLCQ</subfield></datafield><datafield ind1=" " ind2=" " tag="037"><subfield code="b">NARF, 1506 Broadway, Boulder, CO 80302</subfield></datafield><datafield ind1=" " ind2=" " tag="042"><subfield code="a">pcc</subfield></datafield><datafield ind1=" " ind2="4" tag="050"><subfield code="a">AN58</subfield><subfield code="b">.C655</subfield></datafield><datafield ind1="2" ind2=" " tag="110"><subfield code="a">Native American Rights Fund.</subfield></datafield><datafield ind1="1" ind2="0" tag="245"><subfield code="a">Announcements - Native American Rights Fund.</subfield></datafield><datafield ind1=" " ind2=" " tag="260"><subfield code="a">[Boulder, Colo.] :</subfield><subfield code="b">Native American Rights Fund.</subfield></datafield><datafield ind1=" " ind2=" " tag="300"><subfield code="a">9 volumes :</subfield><subfield code="b">illustrations ;</subfield><subfield code="c">28 cm</subfield></datafield><datafield ind1=" " ind2=" " tag="310"><subfield code="a">Frequency varies</subfield></datafield><datafield ind1=" " ind2=" " tag="336"><subfield code="a">text</subfield><subfield code="b">txt</subfield><subfield code="2">rdacontent</subfield></datafield><datafield ind1=" " ind2=" " tag="337"><subfield code="a">microform</subfield><subfield code="b">h</subfield><subfield code="2">rdamedia</subfield></datafield><datafield ind1=" " ind2=" " tag="338"><subfield code="a">microfilm reel</subfield><subfield code="b">hd</subfield><subfield code="2">rdacarrier</subfield></datafield><datafield ind1="0" ind2=" " tag="362"><subfield code="a">V. 1-9, no. 1; June 1972-spring 1983.</subfield></datafield><datafield ind1=" " ind2=" " tag="515"><subfield code="a">Some no. issued in combined form.</subfield></datafield><datafield ind1=" " ind2=" " tag="550"><subfield code="a">Vols. for 1972- published by the Native American Rights Fund and the National Indian Law Library.</subfield></datafield><datafield ind1=" " ind2=" " tag="533"><subfield code="a">Microfilm.</subfield><subfield code="b">Wooster, Ohio :</subfield><subfield code="c">Micro Photo Division.</subfield><subfield code="e">1 microfilm reel ; 35 mm.</subfield><subfield code="m">1972.</subfield><subfield code="f">(Contemporary newspapers of the North American Indian ; reel 2).</subfield></datafield><datafield ind1=" " ind2=" " tag="539"><subfield code="a">u</subfield><subfield code="b">1972</subfield><subfield code="c">uuuu</subfield><subfield code="d">ohu</subfield><subfield code="e">u</subfield><subfield code="f">u</subfield><subfield code="g">a</subfield></datafield><datafield ind1=" " ind2="0" tag="650"><subfield code="a">Indians of North America</subfield><subfield code="x">Legal status, laws, etc.</subfield><subfield code="v">Digests.</subfield></datafield><datafield ind1=" " ind2="0" tag="650"><subfield code="a">Indians of North America</subfield><subfield code="x">Legal status, laws, etc.</subfield><subfield code="v">Periodicals.</subfield></datafield><datafield ind1=" " ind2="6" tag="650"><subfield code="a">Indiens d'Ame&#769;rique</subfield><subfield code="x">Droit</subfield><subfield code="z">Ame&#769;rique du Nord</subfield><subfield code="v">Pe&#769;riodiques.</subfield></datafield><datafield ind1=" " ind2="7" tag="650"><subfield code="a">Indians of North America</subfield><subfield code="x">Legal status, laws, etc.</subfield><subfield code="2">fast</subfield><subfield code="0">(OCoLC)fst00969825</subfield></datafield><datafield ind1=" " ind2="7" tag="655"><subfield code="a">Digests.</subfield><subfield code="2">fast</subfield><subfield code="0">(OCoLC)fst01423795</subfield></datafield><datafield ind1=" " ind2="7" tag="655"><subfield code="a">Periodicals.</subfield><subfield code="2">fast</subfield><subfield code="0">(OCoLC)fst01411641</subfield></datafield><datafield ind1="2" ind2=" " tag="710"><subfield code="a">National Indian Law Library.</subfield></datafield><datafield ind1="1" ind2=" " tag="776"><subfield code="t">Announcements - Native American Rights Fund</subfield><subfield code="w">(DLC)sc 79006038</subfield><subfield code="w">(OCoLC)5104414</subfield></datafield><datafield ind1="0" ind2="0" tag="785"><subfield code="t">NARF legal review</subfield></datafield><datafield ind1=" " ind2="0" tag="830"><subfield code="a">Contemporary newspapers of the North American Indian ;</subfield><subfield code="v">reel 2.</subfield></datafield></record>